@article{moran1950notes,
  title={Notes on continuous stochastic phenomena},
  author={Moran, Patrick AP},
  journal={Biometrika},
  volume={37},
  number={1/2},
  pages={17--23},
  year={1950},
  publisher={JSTOR}
}

@inproceedings{akaike1973information,
  title={Information theory and an extension of the maximum likelihood principle},
  author={Akaike, Hirotogu},
  booktitle={2nd International Symposium on Information Theory, 1973},
  pages={267--281},
  year={1973},
  organization={Akademiai Kaido}
}

@article{oke1982energetic,
  title={The energetic basis of the urban heat island},
  author={Oke, Timothy R},
  journal={Quarterly Journal of the Royal Meteorological Society},
  volume={108},
  number={455},
  pages={1--24},
  year={1982},
  publisher={John Wiley \& Sons, Ltd Bracknell}
}

@article{hargreaves1985reference,
  title={Reference crop evapotranspiration from temperature},
  author={Hargreaves, George H and Samani, Zohrab A},
  journal={Applied engineering in agriculture},
  volume={1},
  number={2},
  pages={96--99},
  year={1985},
  publisher={American Society of Agricultural and Biological Engineers}
}

@article{o1988indices,
  title={Indices of landscape pattern},
  author={O'Neill, RV and Krummel, JR and Gardner, RH and Sugihara, G and Jackson, B and DeAngelis, DL and Milne, BT and Turner, Monica G and Zygmunt, B and Christensen, SW and Dale, VH and Graham, RL},
  journal={Landscape ecology},
  volume={1},
  number={3},
  pages={153--162},
  year={1988},
  publisher={Springer}
}

@article{allen1998crop,
  title={Crop evapotranspiration-Guidelines for computing crop water requirements - FAO Irrigation and drainage paper 56},
  author={Allen, Richard G and Pereira, Luis S and Raes, Dirk and Smith, Martin and others},
  journal={Fao, Rome},
  volume={300},
  number={9},
  pages={D05109},
  year={1998}
}

@inproceedings{grimmond1999evapotranspiration,
  title={Evapotranspiration rates in urban areas},
  author={Grimmond, Sue and Oke, Tim},
  booktitle={Proceedings of the Impacts of Urban Growth on Surface Water and Groundwater Quality HS5},
  pages={235--243},
  year={1999},
  organization={International Association of Hydrological Sciences Publications}
}

@article{meehl2004more,
  title={More intense, more frequent, and longer lasting heat waves in the 21st century},
  author={Meehl, Gerald A and Tebaldi, Claudia},
  journal={Science},
  volume={305},
  number={5686},
  pages={994--997},
  year={2004},
  publisher={American Association for the Advancement of Science}
}

@article{silva2008strategies,
  title={Strategies for landscape ecology: An application using cellular automata models},
  author={Silva, Elisabete A and Ahern, Jack and Wileden, Jack},
  journal={Progress in Planning},
  volume={70},
  number={4},
  pages={133--177},
  year={2008},
  publisher={Elsevier}
}

@inproceedings{yang2009tree,
  title={Tree detection from aerial imagery},
  author={Yang, Lin and Wu, Xiaqing and Praun, Emil and Ma, Xiaoxu},
  booktitle={Proceedings of the 17th ACM SIGSPATIAL International Conference on Advances in Geographic Information Systems},
  pages={131--137},
  year={2009},
  organization={ACM}
}

@article{bowler2010urban,
  title={Urban greening to cool towns and cities: A systematic review of the empirical evidence},
  author={Bowler, Diana E and Buyung-Ali, Lisette and Knight, Teri M and Pullin, Andrew S},
  journal={Landscape and urban planning},
  volume={97},
  number={3},
  pages={147--155},
  year={2010},
  publisher={Elsevier}
}

@book{de2010planner,
  title={A Planner's Encounter with Complexity},
  author={de Roo, Gert and Silva, Elisabete A},
  year={2010},
  publisher={Ashgate Publishing, Ltd.}
}

@incollection{rey2010pysal,
  title={PySAL: A Python library of spatial analytical methods},
  author={Rey, Sergio J and Anselin, Luc},
  booktitle={Handbook of applied spatial analysis},
  pages={175--193},
  year={2010},
  publisher={Springer}
}

@article{silva2010complexity,
  title={Complexity and cellular automaton: Exploring its practical application},
  author={Silva, Elisabete A},
  journal={A Planner's Encounter with Complexity},
  pages={187--208},
  year={2010},
  publisher={Ashgate Publishing, Ltd.}
}

@article{seto2011meta,
  title={A meta-analysis of global urban land expansion},
  author={Seto, Karen C and Fragkias, Michail and G{\"u}neralp, Burak and Reilly, Michael K},
  journal={PloS one},
  volume={6},
  number={8},
  pages={e23777},
  year={2011},
  publisher={Public Library of Science}
}

@book{angel2012atlas,
  title={Atlas of urban expansion},
  author={Angel, Shlomo and Blei, Alejandro M and Civco, Daniel L and Parent, Jason},
  year={2012},
  publisher={Lincoln Institute of Land Policy Cambridge, MA}
}

@misc{mcgarigal2012fragstats,
  title={FRAGSTATS v4: spatial pattern analysis program for categorical and continuous maps},
  author={McGarigal, Kevin and Cushman, Sam A and Ene, Eduard},
  year={2012},
  howpublished={Computer software program produced by the authors at the University of Massachusetts, Amherst. Available from \url{https://www.umass.edu/landeco/research/fragstats/fragstats.html}. Accessed: 5 March 2020},
}

@article{stewart2012local,
  title={Local climate zones for urban temperature studies},
  author={Stewart, Ian D and Oke, Tim R},
  journal={Bulletin of the American Meteorological Society},
  volume={93},
  number={12},
  pages={1879--1900},
  year={2012},
  publisher={American Meteorological Society}
}

@article{li2013relationship,
  title={Relationship between land surface temperature and spatial pattern of greenspace: What are the effects of spatial resolution?},
  author={Li, Xiaoma and Zhou, Weiqi and Ouyang, Zhiyun},
  journal={Landscape and Urban Planning},
  volume={114},
  pages={1--8},
  year={2013},
  publisher={Elsevier}
}

@article{chen2014effect,
  title={Effect of urban green patterns on surface urban cool islands and its seasonal variations},
  author={Chen, Ailian and Yao, X Angela and Sun, Ranhao and Chen, Liding},
  journal={Urban forestry \& urban greening},
  volume={13},
  number={4},
  pages={646--654},
  year={2014},
  publisher={Elsevier}
}

@article{frei2014interpolation,
  title={Interpolation of temperature in a mountainous region using nonlinear profiles and non-Euclidean distances},
  author={Frei, Christoph},
  journal={International Journal of Climatology},
  volume={34},
  number={5},
  pages={1585--1605},
  year={2014},
  publisher={Wiley Online Library}
}

@article{kong2014effects,
  title={Effects of spatial pattern of greenspace on urban cooling in a large metropolitan area of eastern China},
  author={Kong, Fanhua and Yin, Haiwei and James, Philip and Hutyra, Lucy R and He, Hong S},
  journal={Landscape and Urban Planning},
  volume={128},
  pages={35--47},
  year={2014},
  publisher={Elsevier}
}

@article{haaland2015challenges,
  title={Challenges and strategies for urban green-space planning in cities undergoing densification: A review},
  author={Haaland, Christine and van Den Bosch, Cecil Konijnendijk},
  journal={Urban forestry \& urban greening},
  volume={14},
  number={4},
  pages={760--771},
  year={2015},
  publisher={Elsevier}
}

@article{lemonsu2015vulnerability,
  title={Vulnerability to heat waves: Impact of urban expansion scenarios on urban heat island and heat stress in {P}aris ({F}rance)},
  author={Lemonsu, Aude and Viguie, Vincent and Daniel, M and Masson, V},
  journal={Urban Climate},
  volume={14},
  pages={586--605},
  year={2015},
  publisher={Elsevier}
}

@article{phelan2015urban,
  title={Urban heat island: mechanisms, implications, and possible remedies},
  author={Phelan, Patrick E and Kaloush, Kamil and Miner, Mark and Golden, Jay and Phelan, Bernadette and Silva III, Humberto and Taylor, Robert A},
  journal={Annual Review of Environment and Resources},
  volume={40},
  pages={285--307},
  year={2015},
  publisher={Annual Reviews}
}

@article{nistor2015compute,
  title={How to compute the land cover evapotranspiration at regional scale? A spatial approach of Emilia-Romagna region},
  author={Nistor, Mircea-M{\u{a}}rg{\u{a}}rit and Porumb, Ghiurco Cosmin Gabriel},
  journal={GEOREVIEW: Scientific Annals of Stefan cel Mare University of Suceava. Geography Series},
  volume={25},
  number={1},
  pages={38--53},
  year={2015}
}

@article{bao2016assessing,
  title={Assessing the distribution of urban green spaces and its anisotropic cooling distance on urban heat island pattern in Baotou, China},
  author={Bao, Tongliga and Li, Xueming and Zhang, Jing and Zhang, Yingjia and Tian, Shenzhen},
  journal={ISPRS International Journal of Geo-Information},
  volume={5},
  number={2},
  pages={12},
  year={2016},
  publisher={Multidisciplinary Digital Publishing Institute}
}

@article{nistor2016climate,
  title={Climate change effects on crop evapotranspiration in the Carpathian Region from 1961 to 2010},
  author={Nistor, M{\u{a}}rg{\u{a}}rit-Mircea and Gualtieri, Alessandro F and Cheval, Sorin and Dezsi, {\c{S}}tefan and Bo{\c{t}}an, Vanessa Elena},
  journal={Meteorological applications},
  volume={23},
  number={3},
  pages={462--469},
  year={2016},
  publisher={Wiley Online Library}
}

@article{nistor2016mapping,
  title={Mapping evapotranspiration coefficients in the {P}aris metropolitan area},
  author={Nistor, Mircea-M{\u{a}}rg{\u{a}}rit},
  journal={GEOREVIEW Scientific Annals of {\c{S}}tefan cel Mare University of Suceava, Geography Series},
  volume={26},
  number={1},
  pages={138--153},
  year={2016}
}

@article{yang2016contrasting,
  title={Contrasting impacts of urban forms on the future thermal environment: example of {B}eijing metropolitan area},
  author={Yang, Long and Niyogi, Dev and Tewari, Mukul and Aliaga, Daniel and Chen, Fei and Tian, Fuqiang and Ni, Guangheng},
  journal={Environmental Research Letters},
  volume={11},
  number={3},
  pages={034018},
  year={2016},
  publisher={IOP Publishing}
}

@article{du2017quantifying,
  title={Quantifying the cool island effects of urban green spaces using remote sensing Data},
  author={Du, Hongyu and Cai, Wenbo and Xu, Yanqing and Wang, Zhibao and Wang, Yuanyuan and Cai, Yongli},
  journal={Urban Forestry \& Urban Greening},
  volume={27},
  pages={24--31},
  year={2017},
  publisher={Elsevier}
}

@article{estoque2017effects,
  title={Effects of landscape composition and pattern on land surface temperature: An urban heat island study in the megacities of Southeast Asia},
  author={Estoque, Ronald C and Murayama, Yuji and Myint, Soe W},
  journal={Science of the Total Environment},
  volume={577},
  pages={349--359},
  year={2017},
  publisher={Elsevier}
}

@article{jiao2017patch,
  title={Patch size of trees affects its cooling effectiveness: A perspective from shading and transpiration processes},
  author={Jiao, Min and Zhou, Weiqi and Zheng, Zhong and Wang, Jia and Qian, Yuguo},
  journal={Agricultural and Forest Meteorology},
  volume={247},
  pages={293--299},
  year={2017},
  publisher={Elsevier}
}

@article{zardo2017estimating,
  title={Estimating the cooling capacity of green infrastructures to support urban planning},
  author={Zardo, L and Geneletti, D and P{\'e}rez-Soba, M and Van Eupen, M},
  journal={Ecosystem services},
  volume={26},
  pages={225--235},
  year={2017},
  publisher={Elsevier}
}

@article{zhou2017effects,
  title={Effects of the spatial configuration of trees on urban heat mitigation: A comparative study},
  author={Zhou, Weiqi and Wang, Jia and Cadenasso, Mary L},
  journal={Remote Sensing of Environment},
  volume={195},
  pages={1--12},
  year={2017},
  publisher={Elsevier}
}

@misc{asitvd2018structure,
  title={Structure es donn\'ees cadastrales au format SHAPE (MD.01-MO-VD)},
  author="{Association pour le Syst\`eme d'information du Territoire Vaudois}",
  year={2018},
  howpublished={Available from (in French) \url{https://www.asitvd.ch/md/508}. Accessed: 3 September 2019},
}

@article{koc2018evaluating,
  title={Evaluating the cooling effects of green infrastructure: A systematic review of methods, indicators and data sources},
  author={Koc, Carlos Bartesaghi and Osmond, Paul and Peters, Alan},
  journal={Solar Energy},
  volume={166},
  pages={486--508},
  year={2018},
  publisher={Elsevier}
}

@article{rebetez2018meteorological,
  title={Meteorological data series from {S}wiss long-term forest ecosystem research plots since 1997},
  author={Rebetez, Martine and von Arx, Georg and Gessler, Arthur and Pannatier, Elisabeth Graf and Innes, John L and Jakob, Peter and Jetel, Mark{\'e}ta and Kube, Marlen and N{\"o}tzli, Magdalena and Schaub, Marcus and others},
  journal={Annals of Forest Science},
  volume={75},
  number={2},
  pages={41},
  year={2018},
  publisher={Springer}
}

@misc{sfso2018city,
  title={City Statistics (Urban Audit)},
  author="{Swiss Federal Statistical Office}",
  year={2018},
  howpublished={Data collection. Available from \url{https://www.bfs.admin.ch/bfs/en/home/statistics/cross-sectional-topics/city-statistics.html}. Accessed: 16 April 2019},
}

@misc{unitednations2018world,
  title={World Urbanization Prospects: The 2018 Revision},
  author={{United Nations}},
  year={2018},
  publisher={Department of Economic and Social Affairs, Population Division},
  shorthand={UN, 2018},
}

@article{vallat2018pingouin,
  title={Pingouin: statistics in Python},
  author={Vallat, Raphael},
  journal={Journal of Open Source Software},
  volume={3},
  number={31},
  pages={1026},
  year={2018}
}

@article{yu2018strong,
  title={Strong contributions of local background climate to the cooling effect of urban green vegetation},
  author={Yu, Zhaowu and Xu, Shaobin and Zhang, Yuhan and J{\o}rgensen, Gertrud and Vejre, Henrik},
  journal={Scientific reports},
  volume={8},
  number={1},
  pages={1--9},
  year={2018},
  publisher={Nature Publishing Group}
}

@article{artmann2019urban,
  title={Urban sprawl, compact urban development and green cities. How much do we know, how much do we agree?},
  author={Artmann, Martina and Inostroza, Luis and Fan, Peilei},
  journal={Ecological Indicators},
  volume={96},
  pages={3--9},
  year={2019},
  publisher={Elsevier}
}

@article{bosch2019addressing,
  title={Addressing urban sprawl from the complexity sciences},
  author={Bosch, Mart{\'\i} and Chenal, J{\'e}r{\^o}me and Joost, St{\'e}phane},
  journal={Urban Science},
  volume={3},
  number={2},
  pages={60},
  year={2019},
  publisher={Multidisciplinary Digital Publishing Institute}
}

@article{bosch2019pylandstats,
  title={Py{L}and{S}tats: An open-source {P}ythonic library to compute landscape metrics},
  author={Bosch, Mart{\'\i}},
  journal={PLoS One},
  volume={14},
  number={12},
  year={2019},
  publisher={Public Library of Science}
}

@article{bosch2019swisslandstats,
  title={swisslandstats-geopy: {P}ython tools for the land statistics datasets from the {S}wiss {F}ederal {S}tatistical {O}ffice},
  author={Bosch, Mart{\'\i}},
  journal={Journal of Open Source Software},
  volume={4},
  number={41},
  pages={1511},
  year={2019}
}

@misc{burgst2019representing,
  title={Representing the Urban Heat Island Effect in Future Climates},
  author="{Burgstall, Annkatrin}",
  year={2018},
  howpublished={Scientific Report MeteoSwiss, No. 105},
}

@article{huang2019projecting,
  title={Projecting global urban land expansion and heat island intensification through 2050},
  author={Huang, Kangning and Li, Xia and Liu, Xiaoping and Seto, Karen C},
  journal={Environmental Research Letters},
  volume={14},
  number={11},
  pages={114037},
  year={2019},
  publisher={IOP Publishing}
}

@article{nastran2019urban,
  title={Urban heat islands in relation to green land use in European cities},
  author={Nastran, Mojca and Kobal, Milan and Eler, Klemen},
  journal={Urban Forestry \& Urban Greening},
  volume={37},
  pages={33--41},
  year={2019},
  publisher={Elsevier}
}

@article{yan2019testing,
  title={Testing an energy exchange and microclimate cooling hypothesis for the effect of vegetation configuration on urban heat},
  author={Yan, Jingli and Zhou, Weiqi and Jenerette, G Darrel},
  journal={Agricultural and Forest Meteorology},
  volume={279},
  pages={107666},
  year={2019},
  publisher={Elsevier}
}

@misc{swisstopo2019swissimage,
  title={SWISSIMAGE La mosa\"ique d'ortophotos de la Suisse},
  author="{Federal Office of Topography}",
  year=2019,
  howpublished={Available from (in French) \url{https://shop.swisstopo.admin.ch/fr/products/images/ortho_images/SWISSIMAGE}. Accessed: 3 March 2020},
}

@article{trimmel2019thermal,
  title={Thermal conditions during heat waves of a mid-European metropolis under consideration of climate change, urban development scenarios and resilience measures for the mid-21st century},
  author={Trimmel, Heidelinde and Weihs, Philipp and Faroux, St{\'e}phanie and Formayer, Herbert and Hamer, Paul and Hasel, Kristofer and Laimighofer, Johannes and Leidinger, David and Masson, Val{\'e}ry and Nadeem, Imran and others},
  journal={Meteorologische Zeitschrift},
  year={2019},
  publisher={Schweizerbart'sche Verlagsbuchhandlung}
}

@article{bosch2020detectree,
  title={DetecTree: Tree detection from aerial imagery in Python},
  author={Bosch, Mart{\'\i}},
  journal={Journal of Open Source Software},
  volume={5},
  number={50},
  pages={2172},
  year={2020},
  doi={10.21105/joss.02172},
}

@article{bosch2020spatially,
  title={A spatially-explicit approach to simulate urban heat islands in complex urban landscapes},
  author={Bosch, Mart{\'i} and Locatelli, Maxence and Hamel, Perrine and Remme, Roy P. and Chenal, J{\'e}r{\^o}me and Joost, St{\'e}phane},
  journal={Geoscientific model development},
  year={2020},
  doi={10.5194/gmd-2020-174},
  pubstate={under review}
}

@article{bosch2020spatiotemporal,
  title={Spatiotemporal patterns of urbanization in three Swiss urban agglomerations: insights from landscape metrics, growth modes and fractal analysis},
  author={Bosch, Mart{\'\i} and Jaligot, R{\'e}mi and Chenal, J{\'e}r{\^o}me},
  journal={Landscape Ecology},
  pages={1--13},
  year={2020},
  publisher={Springer}
}

@misc{sfso2020statistique,
  title={Statistique de la population et des ménages (STATPOP), géodonnées 2019},
  author="{Swiss Federal Statistical Office}",
  year={2020},
  howpublished={Available from (in French) \url{https://www.bfs.admin.ch/bfs/fr/home/services/geostat/geodonnees-statistique-federale/batiments-logements-menages-personnes/population-menages-depuis-2010.assetdetail.14027479.html}. Accessed: 23 September 2020},
}

@misc{sharp2020invest,
  title={InVEST 3.8.0 User’s Guide. The Natural Capital Project},
  author={Sharp, Richard and Tallis, HT and Ricketts, T and Guerry, AD and Wood, SA and Chaplin-Kramer, R and Nelson, E and Ennaanay, D and Wolny, S and Olwero, N and others},
  year={2020},
  publisher={Stanford University, University of Minnesota, The Nature Conservancy, and World Wildlife Fundation}
}

@article{terfa2020spatial,
  title={Spatial Configuration and Extent Explains the Urban Heat Mitigation Potential due to Green Spaces: Analysis over {A}ddis {A}baba, {E}thiopia},
  author={Terfa, Berhanu Keno and Chen, Nengcheng and Zhang, Xiang and Niyogi, Dev},
  journal={Remote Sensing},
  volume={12},
  number={18},
  pages={2876},
  year={2020},
  publisher={Multidisciplinary Digital Publishing Institute}
}

@article{virtanen2020scipy,
  title={{S}ci{P}y 1.0: fundamental algorithms for scientific computing in {P}ython},
  author={Virtanen, Pauli and Gommers, Ralf and Oliphant, Travis E and Haberland, Matt and Reddy, Tyler and Cournapeau, David and Burovski, Evgeni and Peterson, Pearu and Weckesser, Warren and Bright, Jonathan and others},
  journal={Nature Methods},
  pages={1--12},
  year={2020},
  publisher={Nature Publishing Group},
  doi={10.1038/s41592-019-0686-2}
}

@article{wang2020significant,
  title={Significant effects of ecological context on urban trees’ cooling efficiency},
  author={Wang, Jia and Zhou, Weiqi and Jiao, Min and Zheng, Zhong and Ren, Tian and Zhang, Qiming},
  journal={ISPRS Journal of Photogrammetry and Remote Sensing},
  volume={159},
  pages={78--89},
  year={2020},
  publisher={Elsevier}
}

@article{wang2020spatial,
  title={Spatial distribution of urban greenspace in response to urban development from a multi-scale perspective},
  author={Wang, Jing and Zhou, Weiqi and Wang, Jia and Yu, Wenjuan},
  journal={Environmental Research Letters},
  volume={15},
  number={6},
  pages={064031},
  year={2020},
  publisher={IOP Publishing}
}
